@misc{sqooss-docs,
	howpublished={\url{http://www.sqo-oss.org/docs}},
	month = jun,
	author={2014},
	title={Documentation | The home of Alitheia Core},
	year={2014}
}

@misc{sqooss-about,
	howpublished={\url{http://www.sqo-oss.org/about}},
	month = jun,
	author={2014},
	title={About Alitheia Core | The home of Alitheia Core},
	year={2014}
}

@misc{sqooss-reference,
	howpublished={\url{http://www.sqo-oss.org/reference}},
	month = jun,
	author={2014},
	title={Reference | The home of Alitheia Core},
	year={2014}
}

@misc{ioc,
	howpublished={\url{http://martinfowler.com/articles/injection.html}},
	month = jun,
	author={Martin Fowler},
	title={Inversion of Control Containers and the Dependency Injection pattern},
	year={2014}
}