@book{martin2003agile,
  title={Agile software development: principles, patterns, and practices},
  author={Martin, Robert Cecil},
  year={2003},
  publisher={Prentice Hall PTR}
}

@online{repository,
  author = {Fowler, Martin},
  title = {P of EAA: Repository},
  month = jun,
  year = {2009},
  url = {http://martinfowler.com/eaaCatalog/repository.html}
}